----------------------------------------
   Bibliography - LaTeX documentation
----------------------------------------

@manual{latex2023manual,
  title        = {{\LaTeX}2e: An unofficial reference manual},
  month        = {9},
  year         = {2023},
  url          = {https://latexref.xyz/},
  note         = {consultato in data 14 dicembre 2023}
}

@manual{bibtex2007faq,
  author       = {Shell, Michael and Hoadley, David}, 
  title        = {Bib{\TeX} Tips and FAQ},
  month        = {1},
  year         = {2007},
  url          = {https://ctan.mirror.garr.it/mirrors/ctan/biblio/bibtex/contrib/doc/btxFAQ.pdf}
}

@manual{imakeidx2023doc,
  author       = {Gregorio, Enrico}, 
  title        = {The package imakeidx},
  month        = {10},
  year         = {2016},
  url          = {https://ctan.mirror.garr.it/mirrors/ctan/macros/latex/contrib/imakeidx/imakeidx.pdf}
}

@manual{texmaker2023manual,
  title        = {Texmaker : User manual},
  url          = {https://www.xm1math.net/texmaker/doc.html},
  note         = {consultato in data 14 dicembre 2023}
}